% This file was created with JabRef 2.10.
% Encoding: UTF8


@Book{Best1993,
  Title                    = {Vereine in Deutschland},
  Author                   = {Helmut M. Artus},
  Editor                   = {Heinrich Best},
  Publisher                = {Informationszentrum Sozialwissenschaften},
  Year                     = {1993},

  Address                  = {Bonn},

  __markedentry            = {[Hybr1s:]},
  ISBN                     = {3820600922},
  Owner                    = {Hybr1s},
  Pagetotal                = {620},
  Ppn_GVK                  = {152253866},
  Subtitle                 = {vom Geheimbund zur freien gesellschaftlichen Organisation},
  Timestamp                = {2015.03.05}
}

@Book{Bentem2006,
  Title                    = {Vereine, eingetragene Vereine, Dritter-Sektor-Organisationen},
  Author                   = {Neil van Bentem},
  Editor                   = {Dieter H. Jütting},
  Publisher                = {Waxmann},
  Year                     = {2006},

  Address                  = {Münster},
  Number                   = {16},
  Series                   = {Edition global-lokale Sportkultur},
  ISBN                     = {9783830911623},
  Owner                    = {Hybr1s},
  Pagetotal                = {332},
  Ppn_GVK                  = {362840229},
  Subtitle                 = {eine empirische Analyse des lokalen Dritten Sektors},
  Timestamp                = {2015.03.05}
}

@Other{Born2014,
  Title                    = {Vereine als öffentliches gut},
  Address                  = {Wiesbaden},
  Author                   = {David Born},
  Owner                    = {Hybr1s},
  Pagetotal                = {Online-Ressource (274 pages)},
  Ppn_gvk                  = {815016778},
  Publisher                = {Springer VS},
  Subtitle                 = {die sozio-politischen wirkungen lokaler schweizer vereinslandschaften},
  Timestamp                = {2015.03.05},
  Url                      = {http://search.ebscohost.com/login.aspx?direct=true&scope=site&db=nlebk&db=nlabk&AN=829037},
  Year                     = {2014}
}

@Other{Pechlaner2014,
  Title                    = {Pionier-Regionen der Zukunft},
  Address                  = {Wiesbaden},
  Author                   = {Harald Pechlaner},
  Editor                   = {Christopher Reuter},
  ISBN                     = {9783658035655},
  Number                   = {5},
  Owner                    = {Hybr1s},
  Pagetotal                = {Online-Ressource (VIII, 211 S. 36 Abb)},
  Ppn_GVK                  = {772146926},
  Publisher                = {Springer Fachmedien Wiesbaden},
  Series                   = {Entrepreneurial Management und Standortentwicklung, Perspektiven für Unternehmen und Destinationen},
  Subtitle                 = {Innovation, Qualität und Kooperation},
  Timestamp                = {2015.03.05},
  Url                      = {http://dx.doi.org/10.1007/978-3-658-03565-5},
  Year                     = {2014}
}

@Book{Seitter1999,
  Title                    = {Riskante Übergänge in der Moderne},
  Author                   = {Wolfgang Seitter},
  Editor                   = {Bernd Dewe, Heint-Hermann Krüger und Winfried Marotzki},
  Publisher                = {Leske \& Budrich},
  Year                     = {1999},

  Address                  = {Opladen},
  Number                   = {15},
  Series                   = {Studien zur Erziehungswissenschaft und Bildungsforschung},
  ISBN                     = {3810024872},
  Owner                    = {Hybr1s},
  Pagetotal                = {434},
  Ppn_GVK                  = {300372922},
  Subtitle                 = {Vereinskulturen, Bildungsbiographien, Migranten},
  Timestamp                = {2015.03.05}
}

@Book{Zimmer1992,
  Title                    = {Vereine heute - zwischen Tradition und Innovation},
  Author                   = {Annette Zimmer},
  Publisher                = {Birkhäuser},
  Year                     = {1992},

  Address                  = {Basel, Boston und Berlin},
  Number                   = {34},
  Series                   = {Stadtforschung aktuell},
  ISBN                     = {3764327146},
  Owner                    = {Hybr1s},
  Pagetotal                = {300},
  Ppn_GVK                  = {027075966},
  Subtitle                 = {ein Beitrag zur Dritten-Sektor-Forschung},
  Timestamp                = {2015.03.05}
}

@Book{Foltin1984,
  Title                    = {Vereinsforschung},
  Editor                   = {Hans-Friedrich Foltin},
  Publisher                = {Schmitz},
  Year                     = {1984},

  Address                  = {Giessen},
  Number                   = {N.F., 16},
  Series                   = {Hessische Blätter für Volks- und Kulturforschung},

  __markedentry            = {[Hybr1s:6]},
  ISBN                     = {3877111203},
  Owner                    = {Hybr1s},
  Pagetotal                = {272},
  Ppn_GVK                  = {023387025},
  Timestamp                = {2015.03.05}
}

